@Book{xie2015,
  title = {Dynamic Documents with {R} and knitr},
  author = {Yihui Xie},
  publisher = {Chapman and Hall/CRC},
  address = {Boca Raton, Florida},
  year = {2015},
  edition = {2nd},
  note = {ISBN 978-1498716963},
  url = {http://yihui.name/knitr/},
}

@InProceedings{III2015,
  Title                    = {International Insurance Fact Book},
  Author                   = {{Insurance~Information~Institute}},
  Year                     = {2015},
  Note                     = {[Retrieved on May 10, 2016]},
  Publisher                = {Insurance Information Institute},
  Url                      = {http://www.iii.org/sites/default/files/docs/pdf/international_insurance_factbook_2015.pdf}
}

@Book{bowers1986actuarial,
  Title                    = {Actuarial Mathematics},
  Author                   = {Bowers, Newton L. and Gerber, Hans U. and Hickman, James C. and Jones, Donald A. and Nesbitt, Cecil J.},
  Publisher                = {Society of Actuaries Itasca, Ill.},
  Year                     = {1986}
}

@Book{dickson2013actuarial,
  Title                    = {Actuarial Mathematics for Life Contingent Risks},
  Author                   = {Dickson, David C. M. and Hardy, Mary and Waters, Howard R.},
  Publisher                = {Cambridge University Press},
  Year                     = {2013}
}

@InProceedings{survey2013,
  Title                    = {2013 Insurance Predictive Modeling Survey},
  Author                   = {Earnix},
  Year                     = {2013},
  Note                     = {[Retrieved on July 7, 2014]},
  Publisher                = {Earnix and Insurance Services Office, Inc.},
  Url                      = {http://earnix.com/2013-insurance-predictive-modeling-survey/3594/}
}

@Article{bailey1960,
  Title                    = {Two studies in automobile ratemaking},
  Author                   = {Bailey, Robert A. and LeRoy, J. Simon},
  Journal                  = {Proceedings of the Casualty Actuarial Society Casualty Actuarial Society},
  Year                     = {1960},
  Number                   = {I},
  Volume                   = {XLVII}
}


@Article{Wuthrich18,
  Title                    = {Machine learning in individual claims reserving},
  Author                   = {W\"{u}thrich, M. V.},
  Journal                  = {SCANDINAVIAN ACTUARIAL JOURNAL},
  Year                     = {2018},
  pages                    ={465--480},
  Volume                   = {2018(6)}
}

@Article{Wuthrich18b,
  Title                    = {Neural networks applied to chain-ladder reserving},
  Author                   = {W\"{u}thrich, M. V.},
  Journal                  = {European Actuarial Journal},
  Year                     = {2018},
  pages                    ={407--436},
  Volume                   = {8(2)}
}

@Article{Brockettelal06,
  Title                    = {A COMPARISON OF NEURAL NETWORK, STATISTICAL METHODS, AND VARIABLE CHOICE FOR LIFE INSURERS' FINANCIAL DISTRESS PREDICTION},
  Author                   = {Brockett, P. L. and Golden, L. L. and  Jang, J. and Yang, C.},
  Journal                  = {Journal of Risk and Insurance},
  Year                     = {2006},
  pages                    ={397--419},
  Volume                   = {73(3)}
}


@Book{Hastieetal09,
  Title                    = { The Elements of Statistical learning 2nd ed.},
  Author                   = {Hastie, T. and Tibshirani, R. and Friedman, J.},
  Publisher                = {New York: Springer},
  Year                     = {2009}
}

@Article{ASTIN17,
  Title                    = {Individual Claim Development with Machine Learning},
  Author                   = {ASTIN },
  Journal                  = {working party report},
  Year                     = {2017}
}


@InProceedings{SASsurvey,
  Title                    = {Building believers: How to expand the use of predictive analytics in claims},
  Author                   = {Gorman, Mark and Swenson, Stephen},
  Year                     = {2013},
  Note                     = {[Retrieved on August 17, 2014]},
  Publisher                = {SAS},
  Url                      = {http://www.sas.com/resources/whitepaper/wp_59831.pdf}
}

@inproceedings{venter1983transformed,
  title={Transformed beta and gamma distributions and aggregate losses},
  author={Venter, Gary},
  booktitle={Proceedings of the Casualty Actuarial Society},
  volume={70},
  number={133 \& 134},
  pages={289--308},
  year={1983}
}

@article{mcdonald1984some,
  title={Some generalized functions for the size distribution of income},
  author={McDonald, James B},
  journal={Econometrica: journal of the Econometric Society},
  pages={647--663},
  year={1984},
  publisher={JSTOR}
}


@Article{Mark1993,
  Title                    = {Distribution free calculation of the standard error of chain ladder reserve estimates},
  Author                   = {Mack, T},
  Journal                  = {ASTIN Bulletin},
  Year                     = {1993},
  Number                   = {2},
  Pages                    = {213--225},
  Volume                   = {23}
}


@Article{SweTho11,
  Title                    = {Joint modelling of longitudinal and time-to-event data with application to predicting abdominal aortic aneurysm growth and rupture},
  Author                   = {Sweeting, Michael J. and Thompson, Simon G.},
  Journal                  = {Biometrical Journal},
  Year                     = {2011},
  Pages                    = {750--763},
  Volume                   = {53(5)}
}



@Book{Friedland2010,
  Title                    = {Estimating Unpaid Claims Using Basic Techniques},
  Author                   = {Friedland, Jacqueline},
  Publisher                = {Casualty Actuarial Society},
  Year                     = {2010}
}

@Article{BF1972,
  Title                    = {The actuary and IBNR},
  Author                   = {Bornhuetter, R . L and Ferguson, R.E},
  Journal                  = {CAS},
  Year                     = {1972},
  Pages                    = {181--195},
  Volume                   = {LIX}
}

@Article{Buhlmann1983,
  Title                    = {Estimation of IBNR reserves by the methods chain ladder , Cape Cod and complimentary loss ratio},
  Author                   = {B\"{u}hlmann, H },
  Journal                  = {International Summer School 1983, unpublished},
  Year                     = {1983}

}


@Article{Mark1991,
  Title                    = {A simple parametric model for rating automobile insurance or estimating IBNR claim reserves},
  Author                   = {Mack, T},
  Journal                  = {ASTIN Bulletin},
  Year                     = {1991},
  Number                   = {1},
  Pages                    = {93--109},
  Volume                   = {21}
}

@Article{KAK2013,
  Title                    = {Multilevel Analysis of Assessment Data},
  Author                   = {Kim, J.-S. and Anderson, C. J. and Keller, B. S},
  Journal                  = {A Handbook of International Large-Scale Assessment: Background, Technical Issues, and Methods of Data Analysis},
  Year                     = {2013},
  Pages                    = {1--29}
}

@Article{SB1994,
  Title                    = {Modeled variance in two-level models},
  Author                   = {Snijders, T. A. and Bosker, R. J.},
  Journal                  = {Sociological Methods Research},
  Year                     = {1994},
  Pages                    = {342--363},
  Volume                   = {22}
}

@Article{SFB2016,
  Title                    = {Multilevel Modeling of Insurance Claims Using Copulas},
  Author                   = {Shi, P. and Feng, X. and Boucher, J.-P},
  Journal                  = {Annals of Applied Statistics},
  Year                     = {2016},
  Pages                    = {834-863},
  Volume                   = {10}
}


@Book{WWG2007,
  Title                    = {Linear Mixed Models, A Practical Guide Using Statistical Software},
  Author                   = {West, Brady T. and Welch, Kathleen B. and Galecki, Andrzej T. },
  Publisher                = {Chapman & Hall},
  Year                     = {2007}
}


@Book{Taylor2000,
  Title                    = {Loss reserving: an actuarial perspective},
  Author                   = {Taylor, G. },
  Publisher                = {Kluwer Academic Publishers.},
  Year                     = {2000}
}

@Article{EV2002,
  Title                    = {Stochastic claims reserving in general insurance},
  Author                   = {England, P. D. and Verrall, R. J.},
  Journal                  = {British Actuarial Journal},
  Year                     = {2002},
  Pages                    = {443--518},
  Volume                   = {8(3)}
}



@Article{VW2016,
  Title                    = {Understanding Reporting Delay in General Insurance},
  Author                   = {Verrall, R. J. and W\"{u}thrich, M. V.},
  Journal                  = {Risk},
  Year                     = {2016}
}



@Article{EV1999,
  Title                    = {Analytic and bootstrap estimates of prediction errors in claims reserving},
  Author                   = {England, P. D. and Verrall, R. J.},
  Journal                  = {Insurance: Mathematics and Economics},
  Year                     = {1999},
  Pages                    = {281--293},
  Volume                   = {25}
}


@Book{WM2008,
  Title                    = {Stochastic Claims Reserving Methods in Insurance},
  Author                = {W\"{u}thrich, M. V. and Merz, M. },
  Publisher           = {John Wiley \& Sons},
  Year                   = {2008}
}


@Article{PAD2013,
  Title                    = {Individual loss reserving with the multivariate skew normal framework},
  Author                   = {Pigeon, M. and Antonio, K. and Denuit, M.},
  Journal                  = {ASTIN Bulletin},
  Year                     = {2013},
  Pages                    = {399--428},
  Volume                   = {43}
}


@Article{Cox72,
  Title                    = {Regression Models and Life-Tables},
  Author                   = {Cox, D.R.},
  Journal                  = {Journal of the Royal Statistical Society. Series B (Methodological)},
  Year                     = {1972},
  Pages                    = {187--220},
  Volume                   = {34(2)}
}

@Article{PAD2014,
  Title                    = {Individual loss reserving using paid incurred data},
  Author                   = {Pigeon, M. and Antonio, K. and Denuit, M.},
  Journal                  = {ASTIN Bulletin},
  Year                     = {2014},
  Pages                    = {121--131},
  Volume                   = {58}
}



@Article{AP2014,
  Title                    = {Micro-level stochastic loss reserving for general insurance},
  Author                   = {Antonio, K. and Plat, R },
  Journal                  = {Scandinavian Actuarial Journal},
  Year                     = {2014},
  Pages                    = {649--669},
  Volume                   = {7}
}

@Article{Norberg1993,
  Title                    = {Prediction of outstanding liabilities in non-life insurance},
  Author                   = {Norberg , R. },
  Journal                  = {ASTIN Bulletin},
  Year                     = {1993},
  Pages                    = {95--115},
  Volume                   = {23(1)}
}

@Article{Norberg1999,
  Title                    = {Prediction of outstanding liabilities II. Model variations and extensions},
  Author                   = {Norberg , R. },
  Journal                  = {ASTIN Bulletin},
  Year                     = {1999},
  Pages                    = {5--25},
  Volume                   = {29(1)}
}


@Book{CL2007,
  Title                    = {The statistical analysis of recurrent events},
  Author                   = {Cook, R. J. and J. F. Lawless },
  Publisher                = {Springer},
  Year                     = {2007}
}


@Article{TMS2008,
  Title                    = {Individual claim loss reserving conditioned by case estimates},
  Author                   = {Taylor, G. C. and McGuire, G. and Sullivan,  J. },
  Journal                  = {Annals of Actuarial Science},
  Year                     = {2008},
  Pages                    = {215--256},
  Volume                   = {3(1-2)}
}


@Article{TC2002,
  Title                    = {Statistical case estimation},
  Author                   = {Taylor, G.C and   Campbell ,M. },
  Journal                  = {In Research paper number 104, The Univeristy of Melbourne, Australia},
  Year                     = {2002}
}


@Article{TM2004,
  Title                    = {Loss reserving GLMs: A case study},
  Author                   = {Taylor,  G. C and McGuire, G.  },
  Journal                  = {In Annual Meeting for the Casualty Actuarial Society, Spring 2004},
  Year                     = {2004}
}


@Article{FYL2001,
  Title                    = {Case Studies Using Panel Data Models},
   Author                   = {Frees, E. and Young, V and Luo, Y.},
  Journal                  = {North American Actuarial Journal},
  Year                     = {2001},
  Pages                    = {24--42},
  Volume                   = {5(4)}
}


@Article{AB2007,
  Title                    = {Actuarial statistics with generalized linear mixed models},
  Author                   = {Antonio, K. and Beirlant, J. },
  Journal                  = {Insurance : Mathematics and Economics },
  Year                     = {2007},
  Pages                    = {58--76},
  Volume                   = {40(1)}
}


@Article{Xiaoli2014,
  Title                    = {Micro-level stochastic loss reserving models for insurance},
  Author                   = {Jin, X.},
  Journal                  = {The University of Wisconsin-Madison, ProQuest Dissertations Publishing },
  Year                     = {2014}
}

@Article{Arjas1989,
  Title                    = {The claims reserving problem in non-life insurance: some structural ideas},
  Author                   = {Arjas, E.},
  Journal                  = {ASTIN Bulletin },
  Year                     = {1989},
    Pages                    = {139--152},
  Volume                   = {19(2)}
}


@Article{Avanzietal2016,
  Title                    = {A micro-level claim count model with overdispersion and reporting delays},
  Author                   = {Avanzi, B. and Wong, B. and Yang, X. },
  Journal                  = {Insurance Mathematics and Economics },
  Year                     = {2016},
  Pages                    = {1--14},
  Volume                   = {71}
}


@Article{Verbelen2017,
  Title                    = {A micro-level claim count model with overdispersion and reporting delays},
  Author                   = {Avanzi, B. and Wong, B. and Yang, X. },
  Journal                  = {Insurance : Mathematics and Economics },
  Year                     = {2016},
  Pages                    = {1--14},
  Volume                   = {71}
}



@Article{BLT2016a,
  Title                    = {A marked Cox model for the number of IBNR claims: Theory},
  Author                   = {Badescu, Andrei L. and Lin, X. Sheldon and Tang, Dameng },
  Journal                  = {Insurance Mathematics and Economics },
  Year                     = {2016},
  Pages                    = {29--37},
  Volume                   = {69}
}


@Article{HuangEtAl16,
  Title                    = {Asymptotic behaviors of stochastic reserving: Aggregate versus individual models},
  Author                   = {Huang, Jinlong and Wu, Xianyi and Zhou, Xian },
  Journal                  = {European Journal of Operational Research},
  Year                     = {2016},
  Pages                    = {657--666},
  Volume                   = {249}
}



@Article{BLT2016b,
  Title                    = {A marked Cox model for the number of IBNR claims: Estimation and Application },
  Author                   = {Badescu, Andrei L. and Lin, X. Sheldon and Tang, Dameng },
  Journal                  = {SSRN },
  Year                     = {2016}
}


@Article{Clark06,
  Title                    = {Variance and Covariance Due to Inflation },
  Author                   = {Clark, David R. },
  Journal                  = {In Casualty Actuarial Society Forum 2006, pp.61},
  Year                     = {2006}
}


@Article{GL2006,
  Title                    = {Loss reserving using claim-level data},
  Author                   = {Guszcza, J. and Lommele, J.},
  Journal                  = {In Annual meeting for the Casualty Actuarial Society, November 2006},
  Year                     = {2006}
}

@Article{HA1997,
  Title                    = {Claims reserving in continuous time; a nonparametric Bayesian approach},
  Author                   = {Haastrup, S. and Arjas, E. },
  Journal                  = {Insurance : Mathematics and Economics },
  Year                     = {1997},
  Pages                    = {153--153},
  Volume                   = {19(2)}
}

@Article{Jewll1989,
  Title                    = {Predicting IBNYR events and delays, Part I continuous time},
  Author                   = {Jewell, William S. },
  Journal                  = {ASTIN Bulletin },
  Year                     = {1989},
  Pages                    = {25--55},
  Volume                   = {19(1)}
}


@Article{Kremer1982,
  Title                    = {IBNR-claims and the two-way model of ANOVA},
  Author                   = {Kremer, Erhard },
  Journal                  = {Scandinavian Actuarial Journal },
  Year                     = {1982},
  Pages                    = {47--55},
  Volume                   = {1982(1)}
}

@Article{Kuangetal2008,
  Title                    = {Identification of the age-period-cohort model and the extended chain-ladder model.},
  Author                   = {Kuang, D. and Nielsen, B. and Nielsen, J.},
  Journal                  = {Biometrika },
  Year                     = {2008},
  Pages                    = {979--986},
  Volume                   = {95(4)}
}


@Article{Kuangetal2011,
  Title                    = {Forecasting in an extended chain-ladder-type model},
  Author                   = {Kuang, D. and Nielsen, B. and Nielsen, J.},
  Journal                  = {Journal of Risk and Insurance },
  Year                     = {2011},
  Pages                    = {345--359},
  Volume                   = {78(2)}
}

@Article{Kunkler2004,
  Title                    = {Modelling zeros in stochastic reserving models},
  Author                   = {Kunkler, Michael},
  Journal                  = {Insurance: Mathematics and Economics },
  Year                     = {2004},
  Pages                    = {23--35},
  Volume                   = {34(1)}
}

@Article{Larsen2007,
  Title                    = {An individual claims reserving model},
  Author                   = {Larsen, Christian R},
  Journal                  = {ASTIN Bulletin },
  Year                     = {2007},
  Pages                    = {113--132},
  Volume                   = {37(1)}
}


@Article{LV2009,
  Title                    = {Predictive distributions for reserves which separate true IBNR and IBNER claims},
  Author                   = {Liu, H. and Verrall, R.},
  Journal                  = {ASTIN Bulletin },
  Year                     = {2009},
  Pages                    = {35},
  Volume                   = {39(1)}
}

@Article{AndGill1982,
  Title                    = {Cox's Regression Model for Counting Processes: A Large Sample Study},
  Author                   = {Andersen, P.K. and Gill, R.D},
  Journal                  = {The Annals of Statistics },
  Year                     = {1982},
  Pages                    = {1100--1120},
  Volume                   = {10}
}



@Article{Mahon2005,
  Title                    = {Transition matrix theory and individual claim loss development},
  Author                   = {Mahon, John B},
  Journal                  = {In Casualty Actuarial Society Forum, Spring 2005},
  Year                     = {2005}
}

@Article{Martinezetal2011,
  Title                    = {Cash flow simulation for a model of outstanding liabilities based on claim amounts and claim numbers},
  Author                   = {Mart\'{i}nez-Miranda, M. D. and Nielsen, B.  and Nielsen, J. P. and Verrall, R. },
  Journal                  = {ASTIN Bulletin },
  Year                     = {2011},
  Pages                    = {107--129},
  Volume                   = {41(1)}
}

@Article{Martinezetal2012,
  Title                    = {Double chain ladder},
  Author                   = {Mart\'{i}nez-Miranda, M. D. and Nielsen, J. P. and Verrall, R. },
  Journal                  = {ASTIN Bulletin },
  Year                     = {2012},
  Pages                    = {59--76},
  Volume                   = {42(1)}
}

@Article{Martinezetal2013,
  Title                    = {Continuous chain ladder:Reformulating and generalising a classical insurance problem},
  Author                   = {Mart\'{i}nez-Miranda, M. D. and Nielsen, J. P. and Sperlich, S. and Verrall, R. },
  Journal                  = {Expert Systems with Applications },
  Year                     = {2013}
}


@Article{Meyeretal1995,
  Title                    = {Workers' compensation and injury duration: evidence from a natural experiment},
  Author                   = {Meyer, B. D. and Viscusi, W. K. and Durbin, D. L.  },
  Journal                  = {American Economic Review },
  Year                     = {1995},
  Pages                    = {322--340},
  Volume                   = {85(3)}
}


@Article{Parodi2012,
  Title                    = {Triangle-free reserving: A non-traditional protocol for estimating reserves and reserve uncertainty},
  Author                   = {Parodi, Pietro },
  Journal                  = {In Proceedings of GIRO },
  Year                     = {2012}
}


@Article{Petroni1992,
  Title                    = {Optimistic reporting in the property-casualty insurance industry},
  Author                   = {Petroni, Kathy R},
  Journal                  = {Journal of Accounting and Economics},
  Year                     = {1992},
  Pages                    = {485--508},
  Volume                   = {15(4)}
}

@Article{GraceLeverty12,
  Title                    = {Property-Liability insurer reserve error: motive, manipulation, or mistake},
  Author                   = {Grace, Martin F. and Leverty, J. Tyler},
  Journal                  = {The Journal of Risk and Insurance},
  Year                     = {2012},
  Pages                    = {351--380},
  Volume                   = {79(2)}
}

@Article{QuargMack08,
  Title                    = {Munich chain ladder: a reserving method that reduces the gap between IBNR projections based on paid losses and IBNR projections based on incurred losses},
  Author                   = {Quarg, Gerhard and Mack, Thomas},
  Journal                  = {Variance},
  Year                     = {2008},
  Pages                    = {266--299},
  Volume                   = {2(2)}
}


@Article{RV98,
  Title                    = {A stochastic model underlying the chain-ladder technique},
  Author                   = {Renshaw, A. E. and Verrall, R. J. },
  Journal                  = {British Actuarial Journal},
  Year                     = {2008},
  Pages                    = {903--923},
  Volume                   = {4(04)}
}


@Article{Rosenlund12,
  Title                    = {Bootstrapping individual claim histories},
  Author                   = {Rosenlund, Stig },
  Journal                  = {ASTIN Bulletin},
  Year                     = {2012},
  Pages                    = {291},
  Volume                   = {42(1)}
}


@Article{Schnieper91,
  Title                    = {Separating true IBNR and IBNER claims},
  Author                   = {Schnieper, R.  },
  Journal                  = {ASTIN Bulletin},
  Year                     = {1991},
  Pages                    = {111--127},
  Volume                   = {21(1)}
}


@Book{SP1992,
  Title                    = {Modeling a marker of disease progression and onset of disease. In AIDS Epidemiology},
  Author                   = {Self, S. and Pawitan, Y.  },
  Publisher                = {Springer},
  Year                     = {1992},
   Pages                    = {231--255}
}



@Article{Verralletal10,
  Title                    = {Prediction of RBNS and IBNR claims using claim amounts and claim counts},
  Author                   = {Verrall, R. and Nielsen, J. P.  and Jessen, A. H. },
  Journal                  = {ASTIN Bulletin},
  Year                     = {2010},
  Pages                    = {871},
  Volume                   = {40(2)}
}


@Article{Verrall90,
  Title                    = {Bayes and empirical Bayes estimation for the chain ladder model},
  Author                   = {Verrall, R. J. },
  Journal                  = {ASTIN Bulletin},
  Year                     = {1990},
  Pages                    = {217--243},
  Volume                   = {20(2)}
}



@Article{Verrall00,
  Title                    = {An investigation into stochastic claims reserving models and the chain-ladder technique},
  Author                   = {Verrall, R. J. },
  Journal                  = {Insurance: Mathematics and Economics},
  Year                     = {2000},
  Pages                    = {91--99},
  Volume                   = {26(1)}
}


@Article{Verrall04,
  Title                    = {A bayesian generalized linear model for the Bornhuetter-Ferguson method of claims reserving},
  Author                   = {Verrall, R. J. },
  Journal                  = {North American Actuarial Journal},
  Year                     = {2004},
  Pages                    = {67--89},
  Volume                   = {8(3)}
}


@Article{Wright90,
  Title                    = {A stochastic method for claims reserving in general insurance},
  Author                   = {Wright, T. S. },
  Journal                  = {Journal of the Institute of Actuaries},
  Year                     = {1990},
  Pages                    = {677--731}
}



@Article{ZZ10,
  Title                    = {Applying copula models to individual claim loss reserving methods},
  Author                   = {Zhao, X. and Zhou, X. },
  Journal                  = {Insurance: Mathematics and Economics},
  Year                     = {2010},
  Pages                    = {290--299},
  Volume                   = {46(2)}
}


@Article{ZZW09,
  Title                    = {Semiparametric model for prediction of individual claim loss reserving},
  Author                   = {Zhao, X. B. and Zhou, X. and Wang, J. L.},
  Journal                  = {Insurance: Mathematics and Economics},
  Year                     = {2009},
  Pages                    = {1--8},
  Volume                   = {45(1)}
}


@Article{WT97,
  Title                    = {A joint model for survival and longitudinal data measured with error},
  Author                   = {Wulfsohn, M. and Tsiatis,  A. },
  Journal                  = {Biometrics},
  Year                     = {1997},
  Pages                    = {330--339},
  Volume                   = {53(1)}
}


@Article{Liu09,
  Title                    = {Joint modeling longitudinal semi-continuous data and survival, with application to longitudinal medical cost data},
  Author                   = {Liu, Lei },
  Journal                  = {Statistics in Medicine},
  Year                     = {2009},
  Pages                    = {972--986},
  Volume                   = {28(6)}
}


@Book{KP2002,
  Title                    = {The Statistical Analysis of Failure Time Data},
  Author                   = {Kalbfleisch , J. and Prentice, R.  },
  Publisher                = {Wiley,NewYork, 2nd edition},
  Year                     = {2002}
}

@Article{Tsiatisetal95,
  Title                    = {Modeling the relationship of survival to longitudinal data measured with error: applications to survival and CD4 counts in patients with AIDS},
  Author                   = { Tsiatis, A. and DeGruttola, V. and Wulfsohn, M. }, 
  Journal                  = {Journal of the American Statistical Association},
  Year                     = {1995},
  Pages                    = {27-37},
  Volume                   = {90}
}




@Book{LR2002,
  Title                    = {Statistical Analysis with Missing Data},
  Author                   = {Little, R. and Rubin, D.  },
  Publisher                = {Wiley,NewYork, 2nd edition},
  Year                     = {2002}
}

@Book{MK07,
  Title                    = {Missing data in clinical studies},
  Author                   = {Molenberghs, G. and Kenward, M. G.  },
  Publisher                = {Chichester: John Wiley \& Sons.},
  Year                     = {2007}
}


@Article{Prentice82,
  Title                    = {Covariate measurement errors and parameter estimates in a failure time regression model},
  Author                   = {Prentice, R},
  Journal                  = {Biometrika},
  Year                     = {1982},
  Pages                    = {331--342},
  Volume                   = {69}
}


@Article{PS93,
  Title                    = {Modeling disease marker processes in AIDS},
  Author                   = {Pawitan, Y. and Self, S},
  Journal                  = {Journal of the American Statistical Association},
  Year                     = {1993},
  Pages                    = {719--726},
  Volume                   = {88}
}

@Article{DT94,
  Title                    = {Modeling progression of CD-4 lymphocyte count and its relationship to survival time},
  Author                   = {DeGruttola, V. and Tu, X.},
  Journal                  = {Biometrics},
  Year                     = {1994},
  Pages                    = {1003--1014},
  Volume                   = {50}
}

@Article{TD4,
  Title                    = {Joint modeling of longitudinal and time-to-event data: An overview},
  Author                   = {Tsiatis, A. and Davidian, M},
  Journal                  = {Statistica Sinica},
  Year                     = {2004},
  Pages                    = {809--834},
  Volume                   = {14(3)}
}

@Article{YuEtal04,
  Title                    = {Joint longitudinal-survival-curve models and their application to prostate cancer},
  Author                   = {Yu, M. and Law, N. and Taylor, J. and Sandler, H.},
  Journal                  = {Statistica Sinica},
  Year                     = {2004},
  Pages                    = {835--862},
  Volume                   = {14(3)}
}


@Book{ThGr00,
  Title                    = {Modeling survival data: Extending the Cox Model},
  Author                   = {Therneau, T. and  Grambsch, P.  },
  Publisher                = {New York: Springer},
  Year                     = {2000}
}


@Article{HsiehEtal06,
  Title                    = {Joint modeling of survival and longitudinal data: likelihood approach revisited},
  Author                   = {Hsieh, F. and Tseng, Y. K.  and Wang, J.L.},
  Journal                  = {Biometrics},
  Year                     = {2006},
  Pages                    = {1037--1043},
  Volume                   = {62}
}

@Article{BrownEtal05,
  Title                    = {A flexible B-spline model for multiple longitudinal biomarkers and survival},
  Author                   = {Brown, E. and Ibrahim, J. and DeGruttola, V.},
  Journal                  = {Biometrics},
  Year                     = {2005},
  Pages                    = {64--73},
  Volume                   = {61}
}


@Article{SongEtal02,
  Title                    = {A semiparametric likelihood approach to joint modeling of longitudinal and time-to-event data},
  Author                   = {Song, X. and Davidian, M. and Tsiatis, A.},
  Journal                  = {Biometrics},
  Year                     = {2002},
  Pages                    = {742--753},
  Volume                   = {58(4)}
}


@Article{RizopoulosEtal08,
  Title                    = {Shared parameter models under randomeffects misspecification},
    Author                   = {Rizopoulos, D. and Verbeke, G and Molenberghs, G},
  Journal                  = {Biometrika},
  Year                     = {2008},
  Pages                    = {63--74},
  Volume                   = {95(1)}
}


@Article{Rizopoulos10,
  Title                    = {JM: An R package for the joint modelling of longitudinal and time-to-event data},
  Author                   = {Rizopoulos, D. },
  Journal                  = {Journal of Statistical Software (Online)},
  Year                     = {2010},
    Pages                    = {1--33},
  Volume                   = {35(9)}

}

@Article{Rizopoulos16,
  Title                    = {The R package JMbayes for fitting joint models for longitudinal and time-to-event data using MCMC},
  Author                   = {Rizopoulos, D. },
  Journal                  = {Journal of Statistical Software},
  Year                     = {2016},
      Pages                    = {1--46},
     Volume                   = {72(1)}
}


@Book{Rizopoulos12,
  Title                    = {Joint Models for Longitudinal and Time-to-Event Data: With Applications in R},
  Author                   = {Rizopoulos, D.  },
  Publisher                = {Chapman and Hall/CRC},
  Year                     = {2012}
}


@Book{JamesEtal14,
  Title                    = {An Introduction to Statistical Learning with Applications in R},
  Author                   = {James, G. and Witten, D. and Hastie, T. and Tibshirani, R. },
  Publisher                = {Springer},
  Year                     = {2014}
}




@Book{ElashoffETal16,
  Title                    = {Joint Modeling of Longitudinal and Time-to-Event Data},
  Author                   = {Elashoff, Robert M. and Li, Gang and Li, Ning },
  Publisher                = {Chapman and Hall/CRC},
  Year                     = {2016}
}


@Article{OlsenSchafer01,
  Title                    = {A Two-Part Random-Effects Model for Semicontinuous Longitudinal Data},
  Author                   = {Olsen, Maren K. and Schafer, Joseph L.},
  Journal                  = {Journal of the American Statistical Association},
  Year                     = {2001},
  Pages                    = {730--745},
  Volume                   = {96}
}


@Article{Breiman96,
  Title                    = {Bagging Predictors.},
  Author                   = {Breiman, L},
  Journal                  = {Machine Learning},
  Year                     = {1996},
  Pages                    = {123--140},
  Volume                   = {24(2)}
}


@Article{Breiman01,
  Title                    = {Random Forest.},
  Author                   = {Breiman, L},
  Journal                  = {Machine Learning},
  Year                     = {2001},
  Pages                    = {5--32},
  Volume                   = {45(1)}
}


@Article{TroxelEtal04,
  Title                    = {An index of local sensitivity to nonignorability},
  Author                   = {Troxel, Andrea B. and Ma, Guoguang and Heitjan, Daniel F. },
  Journal                  = {Statistica Sinica},
  Year                     = {2004},
  Pages                    = {1221--1237},
  Volume                   = {14}
}


@Article{MaEtal04,
  Title                    = {An index of local sensitivity to nonignorable drop-out in longitudinal modelling},
  Author                   = {Ma, Guoguang  and Troxel, Andrea B. and Heitjan, Daniel F. },
  Journal                  = {Statistics in Medicine},
  Year                     = {2005},
  Pages                    = {2129--2150},
  Volume                   = {24}
}


@Article{VivianiEtal14,
  Title                    = {Local sensitivity to non-ignorability in joint models},
  Author                   = {Viviani, Sara  and Rizopoulos, Dimitris and Alfo, Marco },
  Journal                  = {Statistical Modelling},
  Year                     = {2014},
  Pages                    = {205--228},
  Volume                   = {14(3)}
}


@Article{MolenberghsEtal08,
  Title                    = {Every missingness not at random model has a missingness at random counterpart with equal fit},
  Author                   = {Molenberghs, G and Beunckens, C and Sotto, C and Kenward, MG},
  Journal                  = {Journal Of The Royal Statistical Society Series B-Statistical Methodology},
  Year                     = {2008},
  Pages                    = {371--388},
  Volume                   = {70}
}



@Article{ToozeEtal02,
  Title                    = {Analysis of repeated measures data with clumping at zero},
  Author                   = {Tooze,JA and Grunwald, GK and Jones,RH},
  Journal                  = {Statistical Methods in Medical Research},
  Year                     = {2002},
  Pages                    = {341--355},
  Volume                   = {11}
}


@Article{HatfieldEtal12,
  Title                    = {Multilevel Bayesian Models for Survival Times and Longitudinal Patient-Reported Outcomes With Many Zeros},
  Author                   = {Hatfield, Laura A. and Boye, Mark E.  and   Hackshaw, Michelle D. and Carlin, Bradley P.},
  Journal                  = {Journal of the American Statistical Association},
  Year                     = {2012},
  Pages                    = {875--885},
  Volume                   = {107}
}


@Article{LuMeeker93,
  Title                    = {Using Degradation Measures to Estimate a Time-to-Failure Distribution},
  Author                   = {Lu, C. J.  and Meeker, William Q. },
  Journal                  = {Technometrics},
  Year                     = {1993},
  Pages                    = {161--174},
  Volume                   = {35(2)}
}

@Article{WuCarroll88,
  Title                    = {Estimation and Comparison of Changes in the Presence of Informative Right Censoring by Modeling the Censoring Process},
  Author                   = {Wu, Margaret C.  and Carroll, Raymond J. },
  Journal                  = {Biometrics},
  Year                     = {1988},
  Pages                    = {175--188},
  Volume                   = {44(1)}
}

@Book{VerbMol00,
  Title                    = {Linear mixed models for longitudinal data In: Springer Series in Statistics},
  Author                   = {Verbeke, G. and Molenberghs, G.  },
  Publisher                = {Springer, New York},
  Year                     = {2000}
}


@incollection{VmR10,
  author      = "Verbeke,Geert and Molenberghs, Geert and Rizopoulos, Dimitris ",
  title       = "Random Effects Models for Longitudinal Data",
  editor      = "van Montfort, Kees  and Oud , Johan H.L. and Satorra, Albert ",
  booktitle   = "Longitudinal Research with Latent Variables",
  publisher   = "Springer, Berlin, Heidelberg",
  address     = "Berlin",
  year        = 2010,
  pages       = "37--96",
  chapter     = 2,
}



@Article{VerbekeEtal14,
  Title                    = {The analysis of multivariate longitudinal data: A review},
  Author                   = {Verbeke, Geert and Fieuws, Steffen and Molenberghs, Geert and Davidian, Marie},
  Journal                  = {Statistical Methods in Medical Research},
  Year                     = {2014},
  Pages                    = {42--59},
  Volume                   = {23(1)}
}


@Article{FieuwsVerbeke06,
  Title                    = {Pairwise Fitting of Mixed Models for the Joint Modeling of Multivariate Longitudinal Profiles},
  Author                   = {Fieuws, Steffen and Verbeke, Geert},
  Journal                  = {Biometrics},
  Year                     = {2006},
  Pages                    = {424--431},
  Volume                   = {62(2)}
}


@Article{ArnoldStrauss91,
  Title                    = {Pseudolikelihood estimation:Some examples},
  Author                   = {Arnold, B and Strauss, D},
  Journal                  = {Sankhya-The Indian Journal Of Statistics Series B},
  Year                     = {1991},
  Pages                    = {233--243},
  Volume                   = {53}
}


@Article{DafniTsiastis98,
  Title                    = {Evaluating surrogate markers of clinical outcome when measured with error},
  Author                   = {Dafni, Urania G. and Tsiatis, Anastasios A.},
  Journal                  = {Biometrics},
  Year                     = {1998},
  Pages                    = {1445--1462},
  Volume                   = {54}
}


@Article{IbrahimEtal10,
  Title                    = {Basic concepts and methods for joint models of longitudinal and survival data},
  Author                   = {Ibrahim, Joseph G. and Chu, Haitao and Chen, Liddy M. },
  Journal                  = {Journal of Clinical Oncology},
  Year                     = {2010},
    Pages                    = {2796--2801},
  Volume                   = {28(16)}
}


@Article{FaucettThomas96,
  Title                    = {Simultaneously modeling Censored Survival Data and Repeatedly measured Covariates: A Gibbs Sampling Approach },
  Author                   = {Faucett, Cheryl L. and Thomas, Duncan C.},
  Journal                  = {Statistics in Medicine},
  Year                     = {1996},
  Pages                    = {1663--1685},
  Volume                   = {15}
}

@Article{FaucettEtal,
  Title                    = {Survival Analysis Using Auxiliary Variables Via Multiple Imputation, with Application to AIDS Clinical Trial Data },
  Author                   = {Faucett, Cheryl L. and Schenker, Nathaniel  and Taylor, Jeremy M. G.},
  Journal                  = {Biometrics},
  Year                     = {2002},
  Pages                    = {37--47},
  Volume                   = {58}
}


@Article{LavalleyDeGruttola,
  Title                    = {Models for Empirical Bayes Estimators of Longitudinal CD4 Counts  },
  Author                   = {Lavalley, Michael P. and DeGruttola, Victor},
  Journal                  = {Statistics in Medicine},
  Year                     = {1996},
  Pages                    = {2289--2305},
  Volume                   = {15}
}

@Article{TaylorEtal,
  Title                    = {A Stochastic Model for Analysis of Longitudinal AIDS Data  },
  Author                   = {Taylor, J. M. G.  and Cumberland, W. G. and Sy, J. P. },
  Journal                  = {Journal of the American Statistical Association},
  Year                     = {1994},
  Pages                    = {727--736},
  Volume                   = {89}
}


@Article{WangTaylor,
  Title                    = {Jointly Modeling Longitudinal and Event Time Data With Application to Acquired Immunodeficiency Syndrome },
  Author                   = {Wang, Yan  and Taylor, Jeremy M. G },
  Journal                  = {Journal of the American Statistical Association},
  Year                     = {2001},
  Pages                    = {895--905},
  Volume                   = {96(455)}
}



@Article{ChakrabortyEtal03,
  Title                    = {Estimating correlation by using a general linear mixed model: Evaluation of the relationship between the concentration of HIV-1 RNA in blood and semen },
  Author                   = {Chakraborty, H. and Helms, R. W. and Sen, P. K. and Cohen, M. S. },
  Journal                  = {Statistics in Medicine},
  Year                     = {2003},
  Pages                    = {1457--1464},
  Volume                   = {22}
}


@Article{ChiIbrahim06,
  Title                    = {Joint Models for Multivariate Longitudinal and Multivariate Survival Data },
  Author                   = {Chi, Yueh-Yun and  Ibrahim, Joseph G.},
  Journal                  = {Biometrics},
  Year                     = {2006},
  Pages                    = {432--445},
  Volume                   = {62}
}



@Article{IbrahimEtal04,
  Title                    = {Bayesian methods for joint modeling of longitudinal and survival data with applications to cancer vaccine studies},
  Author                   = {Ibrahim, Joseph G. and Chen, Ming-Hui and  Sinha, Debajyoti},
  Journal                  = {Statistica Sinica},
  Year                     = {2004},
  Pages                    = {863--883},
  Volume                   = {14}
}


@Article{BrownIbrahim03,
  Title                    = {A Bayesian Semiparametric Joint Hierarchical Model for Longitudinal and Survival Data},
  Author                   = {Brown, Elizabeth R. and Ibrahim, Joseph G.},
  Journal                  = {Biometrics},
  Year                     = {2003},
  Pages                    = {221--228},
  Volume                   = {59}
}

@Article{LiardWare82,
  Title                    = {Random-Effects Models for Longitudinal Data},
  Author                   = {Laird, Nan M.  and Ware, James H. },
  Journal                  = {Biometrics},
  Year                     = {1982},
  Pages                    = {963--974},
  Volume                   = {38(4)}
}



@Article{HendersonEtal,
  Title                    = {Joint modeling of longitudinal measurements and event time data},
  Author                   = {Henderson, Robin and Diggle, Peter and Dobson, Angela},
  Journal                  = {Biostatistics},
  Year                     = {2000},
  Pages                    = {465--480},
  Volume                   = {1(4)}
}


@Article{Sklar59,
  Title                    = {Fonctions de r{\'e}partition  {\'a} n dimensions et leurs marges},
    Author                   = {Sklar, A},
  Journal                  = {Publications de l'Institut de Statistique de l'Universit{\'e} de Paris},
  Year                     = {1959},
  Pages                    = {229--231},
  Volume                   = {8}
}


@Article{Heckman76,
  Title                    = {The common structure of statistical models of truncation, sample selection and limited dependent variables and a simple estimator for such models},
  Author                   = {Heckman, James J.},
  Journal                  = {Annals of Economic and Social Measurement},
  Year                     = {1976},
  Pages                    = {475--492},
  Volume                   = {5(4)}
}


@Article{DiggleKen94,
  Title                    = {Informative drop-out in longitudinal data analysis},
  Author                   = {Diggle, P. and Kenward, M. },
  Journal                  = {Journal of the Royal Statistical Society, Series C, Applied Statistics},
  Year                     = {1994},
  Pages                    = {49--73},
  Volume                   = {43}
}


@Article{Little93,
  Title                    = {Pattern-mixture models for multivariate incomplete data},
  Author                   = {Little, Roderick, J. A. },
  Journal                  = {Journal of the American Statistical Association},
  Year                     = {1993},
  Pages                    = {125--134},
  Volume                   = {88(421)}
}


@Article{Little94,
  Title                    = {A Class of Pattern-Mixture Models for Normal Incomplete Data},
  Author                   = {Little, Roderick, J. A. },
  Journal                  = {Biometrika},
  Year                     = {1994},
  Pages                    = {471--483},
  Volume                   = {81(3)}
}


@Book{joe2014dependence,
  Title                    = {Dependence Modeling with Copulas},
  Author                   = {Joe, Harry},
  Publisher                = {CRC Press},
  Year                     = {2014}
}

@Article{genest2007methods,
  Title                    = {A primer on copulas for count data},
  Author                   = {Genest, C and Neslohva, J},
  Journal                  = {Journal of the Royal Statistical Society},
  Year                     = {2007},
  Pages                    = {475--515}

}

@Book{yan2017elements,
  Title                    = {Elements of Copula Modeling with R},
  Author                   = {Hofert, M and Kojadinovic, I and Machler, M  and Yan, J },
  Publisher                = {Springer},
  Year                     = {2017}
}

@Article{frees1998understanding,
  Title                    = {Understanding relationships using copulas},
  Author                   = {Frees, E and Valdez, E},
  Journal                  = {North American Actuarial Journal},
  Year                     = {1998},
  Pages                    = {1--25},
   Volume                   = {2},
 Number                  = {01}
}



@Article{LamVand,
  Title                    = {A copula based model for multivariate non-normal longitudinal data : analysis of a dose titration safety study on a new antidepressant},
  Author                   = {Lambert, Philippe and Vandenhende, Francois},
  Journal                  = {Statistics in Medicine},
  Year                     = {2002},
  Pages                    = {3197--3217},
   Volume                   = {21}
}


@Article{SchweizerWolff,
  Title                    = {On nonparametric measures of dependence for random variables},
  Author                   = {Schweizer, B. and Wolff, E.F.},
  Journal                  = {The annals of Statistics},
  Year                     = {1981},
  Pages                    = {879--885},
   Volume                   = {9}
}

@Article{genest1986bivariate,
  Title                    = {The joy of copulas: Bivariate distributions with uniform marginals},
  Author                   = {Genest, C and Mackay, J},
    Journal                  = {The American Statistician},
      Year                     = {1986},
       Pages                    = {280-283},
          Volume                   = {40}
}

@Article{EilersMarx96,
  Title                    = {Flexible smoothing with B-splines and penalties},
  Author                   = {Eilers,Paul and Marx Brian},
  Journal                  = {Statistical Science},
  Year                     = {1996},
   Pages                    = {89--121},
   Volume                   = {11(2)}

}


@Article{JorSouza94,
  Title                    = {Fitting Tweedie's compound poisson model to insurance claims data.},
  Author                   = {J{\o}rgensen, Bent and  De Souza, Marta},
  Journal                  = {Scandinavian Actuarial Journal},
  Year                     = {1994},
   Pages                    = {69--93},
   Volume                   = {1(1)}

}


@Book{Frees10,
  Title                    = {Regression Modeling with Actuarial and Financial Applications},
  Author                   = {Frees, Edward },
  Publisher                = {New York: Cambridge University Press.},
  Year                     = {2010}
}

@Book{Frees04,
  Title                    = {Longitudinal and Panel Data: Analysis and Applications in the Social Sciences  },
  Author                   = {Frees, Edward },
  Publisher                = {New York: Cambridge University Press.},
  Year                     = {2004}
}






@Article{PengEtal16,
  Title                    = {Multilevel modeling of insurance claims using copulas},
  Author                   = {Shi, Peng and  Feng, Xiaoping and Boucher, Jean-Philippe},
  Journal                  = {The Annals of Applied Statistics},
  Year                     = {2016},
   Pages                    = {834--863},
   Volume                   = {10(2)}

}


@Article{FreesEtAl19,
  Title                    = {Copula Modeling of Multivariate Longitudinal Data with Dropout},
  Author                   = {Frees, Edward and Bolanc\'{e},Catalina and Guillen, Montserrat and Valdez, Emiliano},
  Journal                  = {Research Gate},
  Year                     = {2019}
   
}



@Book{Lange04,
  Title                    = {Optimization},
  Author                   = {Lange, Kenneth  },
  Publisher                = {Springer-Verlag, New York},
  Year                     = {2004}
}


@Article{RizopoulosEtal09,
  Title                    = {Fully exponential Laplace approximations for the joint modelling of survival and longitudinal data},
    Author                   = {Rizopoulos, D. and Verbeke, G and Lesaffre, E},
  Journal                  = {Journal of the Royal Statistical Society,Series B (Statistical Methodology)},
  Year                     = {2009},
  Pages                    = {637--654},
  Volume                   = {71(3)}
}


@Article{OkineEtal19,
  Title                    = {Joint model prediction and application to individual-level loss reserving},
    Author                   = {Okine, A. Nii-Armah and Frees, Edward and Shi, Peng},
  Journal                  = {Working Paper},
  Year                     = {2020}

}

@Book{MolVerb06,
  Title                    = {Models for Discrete Longitudinal Data In: Springer Series in Statistics},
  Author                   = { Molenberghs, G.  and Verbeke, G. },
  Publisher                = {Springer, New York},
  Year                     = {2006}
}




@Article{ChainLadder14,
  Title                    = { ChainLadder: Statistical methods and models for the calculation of outstanding claims reserves in general insurance},
    Author                   = {Gesmann, Markus and Murphy, Daniel and Zhang, Wayne},
  Journal                  = {R package version 0.2.10},
  Year                     = {2014},
}




@Book{WernerModlin2016,
  Title                    = {Basic Ratemaking, Fifth Edition},
  Author                   = {Werner, Geoff and Claudine Modlin},
  Publisher                = {Casualty Actuarial Society},
  Year                     = {2016}
}



@incollection{Cummins02,
  author      = {Cummins, J. David},
  title       = {Property-Liability Insurance Price Deregulation: the Last Bastion?},
  editor      = {Cummins, J. David },
  booktitle   = {Deregulating Property-Liability Insurance:Restoring Competition and Increasing
Market Efficiency},
  publisher   = {Brooking Institution Press},
  address     ={Washington DC},
  year        = {2002},
   chapter     = {1},
   pages        ={1--24}
}



@Article{FreesValdez08,
  Title                    = {Hierarchical Insurance Claims Modeling},
    Author                   = {Frees, Edward W. and Valdez, Emiliano A.},
  Journal                  = {Journal of the American Statistical Association},
  Year                     = {2008},
  Pages                    = {1457--1469},
  Volume                   = {103},
  Number                   ={484}
}



@incollection{Frees14,
  author      = {Frees, Edward W.},
  title       = {Frequency and Severity Models},
  editor      = {Frees, Edward W.  and Derrig, Richard A. and Meyers, Glenn},
  booktitle   = {Predictive Modeling Applications in Actuarial Science},
  publisher   = {Cambridge},
  address     ={MA: Cambridge University Press},
  year        = {2014},
   chapter     = {6},
   pages        ={138--164}
}



@Article{FreesGee15,
  Title                    = {Rating Endorsements Using Generalized Linear Models},
    Author                   = {Frees, Edward W. and Lee, Gee},
  Journal                  = {Variance},
  Year                     = {2015},
  Pages                    = {51--74},
  Volume                   = {10},
  Number                   ={1}
}


@Book{Karr91,
  Title                    = {Point processes and their statistical inference},
  Author                   = {Karr, A. F.  },
  Publisher                = {CRC press},
  Year                     = {1991}
}


@Article{HenckaertsEtAl,
  Title                    = {A data driven binning strategy for the construction of insurance tariff classes},
    Author                   = {Henckaerts, Roel and Antonio, Katrien and Clijsters, Maxime and Verbelen, Roel},
  Journal                  = {Scandinavian Actuarial Journal},
  Year                     = {2018},
  Pages                    = {681--705},
  Volume                   = {2018},
  Number                   ={8}
}


@Article{FreesEtalGini,
  Title                    = {Summarizing Insurance Scores Using a Gini Index},
    Author                   = {Frees, Edward W. and Meyers, Glenn and Cummings, David},
  Journal                  = {Journal of the American Statistical Association},
  Year                     = {2011},
  Pages                    = {1085--1098},
  Volume                   = {106}
}